@misc{RaspberryKetoneWiki,
  title   = {Raspberry ketone},
  author  = {Wikipedia},
  year    = {2025},
  month   = {April},
  note    = {Accessed on April 13, 2025, \url{https://en.wikipedia.org/wiki/Raspberry_ketone}}
}

@article{PharmacologicalExplorationRK,
  title   = {Pharmacological Exploration of Phenolic Compound: Raspberry Ketone-Update 2020},
  author  = {Various Authors}, % Replace with actual authors if known
  journal = {PubMed Central},
  year    = {2021}, % Year article was published or accessed
  note    = {Accessed on April 13, 2025, \url{https://pmc.ncbi.nlm.nih.gov/articles/PMC8309185/}}
}

@article{OnePotSynthesisRK,
  title   = {One pot synthesis of raspberry ketone from p -hydroxybenzaldehyde},
  author  = {Various Authors}, % Replace if known
  journal = {ResearchGate Figure},
  year    = {2019}, % Year associated with figure/publication
  note    = {Accessed on April 13, 2025, \url{https://www.researchgate.net/figure/One-pot-synthesis-of-raspberry-ketone-from-p-hydroxybenzaldehyde_fig20_331186528}}
}

@misc{SynthesisRKHydrogenation,
  title   = {CHEM 136 Rheosmin "Raspberry Ketone" - Preparation by Crossed Aldol-Catalytic Hydrogenation Sequences},
  author  = {Rubin Group (example)}, % Replace if known
  year    = {2011}, % Or date accessed
  note    = {Accessed on April 13, 2025, \url{https://rubingroup.org/wp-content/uploads/2011/03/chem-136-rheosmin-e2809craspberry-ketonee2809d-preparation-by-crossed-aldol-catalytic-hydrogenation-sequences-short.pdf}}
}

@article{SynthesisRKNickelBoride,
  title   = {Synthesis of Raspberry and Ginger Ketones by Nickel Boride-catalyzed Hydrogenation of 4-Arylbut-3-en-2-ones},
  author  = {Various Authors}, % Replace if known
  journal = {Zeitschrift f{\"u}r Naturforschung B},
  year    = {2014}, % Year of publication
  volume  = {69b},
  pages   = {885-890}, % Approximate based on PDF link
  note    = {Accessed on April 13, 2025, \url{http://www.znaturforsch.com/s69b/s69b0885.pdf}}
}

@misc{AnisaldehydeFisherSci,
  title   = {4-Methoxybenzaldehyde, 98\%, Thermo Scientific Chemicals},
  author  = {Fisher Scientific},
  year    = {2025}, % Year accessed
  note    = {Accessed on April 13, 2025, \url{https://www.fishersci.ca/shop/products/4-methoxybenzaldehyde-98-thermo-scientific/p-7022537}}
}

@misc{AnisaldehydeHMDB,
  title   = {Showing metabocard for 4-Methoxybenzaldehyde (HMDB0029686)},
  author  = {HMDB},
  year    = {2025}, % Year accessed
  note    = {Accessed on April 13, 2025, \url{https://hmdb.ca/metabolites/HMDB0029686}}
}

@misc{AnisaldehydeVoloChem,
    title = {4-Methoxybenzaldehyde | Volochem Inc},
    author = {Volochem Inc},
    year = {2025}, % Year accessed
    note = {Accessed on April 13, 2025, \url{https://www.volochem.com/products/volo10017}}
}

@misc{AnisaldehydeIRSpec,
  title   = {Benzaldehyde, 4-methoxy- (IR Spectrum)},
  author  = {NIST WebBook},
  year    = {2025}, % Year accessed
  note    = {Accessed on April 13, 2025, \url{https://webbook.nist.gov/cgi/cbook.cgi?ID=C123115&Type=IR-SPEC&Index=1}}
}

@misc{AnisaldehydeNMRSpec,
  title   = {p-Anisaldehyde(123-11-5) 1H NMR spectrum},
  author  = {ChemicalBook},
  year    = {2025}, % Year accessed
  note    = {Accessed on April 13, 2025, \url{https://www.chemicalbook.com/SpectrumEN_123-11-5_1HNMR.htm}}
}

@misc{AnisaldehydeHRMS,
  title   = {Identification of Unknown Compound in Apocynum cannabinum by High Resolution Mass Spectrometry (HRMS) and 600 MHz NMR},
  author  = {Journal of Regulatory Science}, % Example author/source
  year    = {2015}, % Example year
  note    = {Accessed on April 13, 2025, (HRMS data for similar compounds often found in supplementary info or specific databases) \url{https://regsci-ojs-tamu.tdl.org/regsci/article/view/44}}
}

@misc{AnisylacetoneChemBook,
  title   = {4-(4-Methoxyphenyl)-2-butanone | 104-20-1},
  author  = {ChemicalBook},
  year    = {2025}, % Year accessed
  note    = {Accessed on April 13, 2025, \url{https://www.chemicalbook.com/ChemicalProductProperty_EN_CB7731013.htm}}
}

@misc{AnisylacetoneChemImpex,
    title = {4-(4-Methoxyphenyl)-2-butanone},
    author = {Chem-Impex},
    year = {2025}, % Year accessed
    note = {Accessed on April 13, 2025, \url{https://www.chemimpex.com/products/33805}}
}

@misc{RKPropertiesChemImpex,
    title = {4-(4-Hydroxyphenyl)-2-butanone},
    author = {Chem-Impex},
    year = {2025}, % Year accessed
    note = {Accessed on April 13, 2025, \url{https://www.chemimpex.com/products/34865}}
}

% Add any other specific references you used from the PDF here
